<?xml version="1.0" encoding="UTF-8"?><collection xmlns="http://www.loc.gov/MARC21/slim"><record><leader>00360nam--2200121-i-4500</leader><controlfield tag="001">000018735</controlfield><controlfield tag="002">20161230</controlfield><controlfield tag="005">20161230201032</controlfield><controlfield tag="008">060222s1000------------r-----000-0-eng-d</controlfield><datafield ind1=" " ind2=" " tag="245"><subfield code="a">Advances in mass spectrometry. procedings of a conference held in oxford, sept. 1961</subfield></datafield><datafield ind1=" " ind2=" " tag="260"><subfield code="a">Oxford, Pergamon Press, 1963. Xvii + 628 P</subfield></datafield><datafield ind1=" " ind2=" " tag="700"><subfield code="a">Elliott, R.M</subfield></datafield><datafield ind1=" " ind2=" " tag="852"><subfield code="a">19009</subfield></datafield></record></collection>